<?xml version="1.0" encoding="UTF-8"?><collection xmlns="http://www.loc.gov/MARC21/slim"><record><leader>00495nam--2200169-i-4500</leader><controlfield tag="001">000044163</controlfield><controlfield tag="002">20161230</controlfield><controlfield tag="005">20161230201044</controlfield><controlfield tag="008">060222s1000------------r-----000-0-ger-d</controlfield><datafield ind1=" " ind2=" " tag="040"><subfield code="a">IFIN-HH</subfield></datafield><datafield ind1=" " ind2=" " tag="041"><subfield code="a">ger</subfield></datafield><datafield ind1=" " ind2=" " tag="080"><subfield code="a">519.4(043)</subfield></datafield><datafield ind1="1" ind2=" " tag="100"><subfield code="a">Dubach-szodoray, Elisabeth</subfield></datafield><datafield ind1="1" ind2="0" tag="245"><subfield code="a">Uber die struktur der omega-ringoide</subfield><subfield code="b">Dissertation</subfield><subfield code="c">Elisabeth dubach-szodoray</subfield></datafield><datafield ind1=" " ind2=" " tag="260"><subfield code="a">Zurich</subfield><subfield code="b">Eidgenossischen Technischen Hochschule</subfield><subfield code="c">1972</subfield></datafield><datafield ind1=" " ind2=" " tag="852"><subfield code="a">43466</subfield><subfield code="c">519.4/5</subfield></datafield><datafield ind1=" " ind2=" " tag="CAT"><subfield code="a">Sys</subfield><subfield code="c">20130813</subfield><subfield code="h">142307</subfield></datafield></record></collection>